@article{harshika2017approach,
  title={An Approach for Extracting and Predicting Instance--specific Attribute Values from E--commerce Sitesfor Used Products},
  author={Harshika, Hettiarachchige Dona Nidhana and Sugiura, Kihaya and Yamada, Naoki and Nishi, Masahiro and Fukuta, Naoki},
  journal={International Journal of Smart Computing and Artificial Intelligence},
  volume={1},
  number={2},
  pages={41--57},
  year={2017}
}

@article{trietsch2016product,
  title={Product attribute value classification from unstructured text in e-commerce},
  author={Trietsch, RC},
  year={2016}
}

@article{he2020deberta,
  title={Deberta: Decoding-enhanced bert with disentangled attention},
  author={He, Pengcheng and Liu, Xiaodong and Gao, Jianfeng and Chen, Weizhu},
  journal={arXiv preprint arXiv:2006.03654},
  year={2020}
}

@article{li2021cross,
  title={Cross-lingual named entity recognition using parallel corpus: A new approach using xlm-roberta alignment},
  author={Li, Bing and He, Yujie and Xu, Wenjin},
  journal={arXiv preprint arXiv:2101.11112},
  year={2021}
}

@inproceedings{mohammed2018effectiveness,
  title={Effectiveness of hierarchical softmax in large scale classification tasks},
  author={Mohammed, Abdul Arfat and Umaashankar, Venkatesh},
  booktitle={2018 International Conference on Advances in Computing, Communications and Informatics (ICACCI)},
  pages={1090--1094},
  year={2018},
  organization={IEEE}
}

@article{barto2021reinforcement,
  title={Reinforcement Learning: An Introduction. By Richard’s Sutton},
  author={Barto, Andrew G},
  journal={SIAM Rev},
  volume={6},
  number={2},
  pages={423},
  year={2021},
  publisher={SIAM}
}


@article{liu2021self,
  title={Self-supervised learning: Generative or contrastive},
  author={Liu, Xiao and Zhang, Fanjin and Hou, Zhenyu and Mian, Li and Wang, Zhaoyu and Zhang, Jing and Tang, Jie},
  journal={IEEE transactions on knowledge and data engineering},
  volume={35},
  number={1},
  pages={857--876},
  year={2021},
  publisher={IEEE}
}

@article{kim2020adversarial,
  title={Adversarial self-supervised contrastive learning},
  author={Kim, Minseon and Tack, Jihoon and Hwang, Sung Ju},
  journal={Advances in neural information processing systems},
  volume={33},
  pages={2983--2994},
  year={2020}
}

@article{snell2017prototypical,
  title={Prototypical networks for few-shot learning},
  author={Snell, Jake and Swersky, Kevin and Zemel, Richard},
  journal={Advances in neural information processing systems},
  volume={30},
  year={2017}
}

@inproceedings{yin2024study,
  title={A Study of Sentence Similarity Based on the All-minilm-l6-v2 Model With “Same Semantics, Different Structure” After Fine Tuning},
  author={Yin, Chen and Zhang, Zixuan},
  booktitle={2024 2nd International Conference on Image, Algorithms and Artificial Intelligence (ICIAAI 2024)},
  pages={677--684},
  year={2024},
  organization={Atlantis Press}
}

@software{Mezzetti_txtai_the_all-in-one_2020,
author = {Mezzetti, David},
license = {Apache-2.0},
month = aug,
title = {{txtai: the all-in-one embeddings database}},
url = {https://github.com/neuml/txtai},
year = {2020}
}

@article{park2019feed,
  title={Feed: Feature-level ensemble for knowledge distillation},
  author={Park, SeongUk and Kwak, Nojun},
  journal={arXiv preprint arXiv:1909.10754},
  year={2019}
}

@inproceedings{ross2017focal,
  title={Focal loss for dense object detection},
  author={Ross, T-YLPG and Doll{\'a}r, GKHP},
  booktitle={proceedings of the IEEE conference on computer vision and pattern recognition},
  pages={2980--2988},
  year={2017}
}

@article{xu2020bert,
  title={Bert-of-theseus: Compressing bert by progressive module replacing},
  author={Xu, Canwen and Zhou, Wangchunshu and Ge, Tao and Wei, Furu and Zhou, Ming},
  journal={arXiv preprint arXiv:2002.02925},
  year={2020}
}

@article{dubey2024llama,
  title={The llama 3 herd of models},
  author={Dubey, Abhimanyu and Jauhri, Abhinav and Pandey, Abhinav and Kadian, Abhishek and Al-Dahle, Ahmad and Letman, Aiesha and Mathur, Akhil and Schelten, Alan and Yang, Amy and Fan, Angela and others},
  journal={arXiv preprint arXiv:2407.21783},
  year={2024}
}

@inproceedings{chai2020description,
  title={Description based text classification with reinforcement learning},
  author={Chai, Duo and Wu, Wei and Han, Qinghong and Wu, Fei and Li, Jiwei},
  booktitle={International conference on machine learning},
  pages={1371--1382},
  year={2020},
  organization={PMLR}
}